@inproceedings{Bugnion1997DRC,
 author = {Bugnion, Edouard and Devine, Scott and Rosenblum, Mendel},
 title = {Disco: Running Commodity Operating Systems on Scalable Multiprocessors},
 booktitle = {Proceedings of the Sixteenth ACM Symposium on Operating Systems Principles},
 series = {SOSP '97},
 year = {1997},
 location = {Saint Malo, France},
 pages = {143--156},
 numpages = {14},
} 


@inproceedings{Bolosky1991NPR,
 author = {Bolosky, William J. and Scott, Michael L. and Fitzgerald, Robert P. and Fowler, Robert J. and Cox, Alan L.},
 title = {NUMA Policies and Their Relation to Memory Architecture},
 booktitle = {Proceedings of the Fourth International Conference on Architectural Support for Programming Languages and Operating Systems},
 series = {ASPLOS IV},
 year = {1991},
 pages = {212--221},
 numpages = {10},
} 


@inproceedings{Marsh1991FUT,
 author = {Marsh, Brian D. and Scott, Michael L. and LeBlanc, Thomas J. and Markatos, Evangelos P.},
 title = {First-class User-level Threads},
 booktitle = {Proceedings of the Thirteenth ACM Symposium on Operating Systems Principles},
 series = {SOSP '91},
 year = {1991},
 pages = {110--121},
 numpages = {12},
} 


@inproceedings{vonBehren2003WEB,
 author = {von Behren, Rob and Condit, Jeremy and Brewer, Eric},
 title = {Why Events Are a Bad Idea (for High-concurrency Servers)},
 booktitle = {Proceedings of the 9th Conference on Hot Topics in Operating Systems - Volume 9},
 series = {HOTOS'03},
 year = {2003},
 pages = {4--4},
} 

@inproceedings{Ous96,
 author = {John Ousterhout},
 title = {Why threads are a bad idea (for most purposes)},
 booktitle = {In USENIX Technical Conference (Invited Talk), Austin, TX, January 1996.},
 year = {1996},
} 
   


@inproceedings{vonBehren2003WEB,
 author = {von Behren, Rob and Condit, Jeremy and Brewer, Eric},
 title = {Why Events Are a Bad Idea (for High-concurrency Servers)},
 booktitle = {Proceedings of the 9th Conference on Hot Topics in Operating Systems - Volume 9},
 series = {HOTOS'03},
 year = {2003},
 pages = {4--4},
} 



@inproceedings{Lampson1979EPM,
 author = {Lampson, Butler W. and Redell, David D.},
 title = {Experience with Processes and Monitors in Mesa (Summary)},
 booktitle = {Proceedings of the Seventh ACM Symposium on Operating Systems Principles},
 series = {SOSP '79},
 year = {1979},
 pages = {43--44},
} 

@inproceedings{Cheriton1983DVK,
 author = {Cheriton, David R. and Zwaenepoel, Willy},
 title = {The Distributed V Kernel and Its Performance for Diskless Workstations},
 booktitle = {Proceedings of the Ninth ACM Symposium on Operating Systems Principles},
 series = {SOSP '83},
 year = {1983},
 pages = {129--140},
} 


@inproceedings{Accetta86mach,
    author = {Mike Accetta and Robert Baron and William Bolosky and David Golub and Richard Rashid and Avadis Tevanian and Michael Young},
    title = {Mach: A New Kernel Foundation for UNIX Development},
    booktitle = {},
    year = {1986},
    pages = {93--112}
}


@inproceedings{Rashid1981ACO,
 author = {Rashid, Richard F. and Robertson, George G.},
 title = {Accent: A Communication Oriented Network Operating System Kernel},
 booktitle = {Proceedings of the Eighth ACM Symposium on Operating Systems Principles},
 series = {SOSP '81},
 year = {1981},
 pages = {64--75},
} 


@inproceedings{Kaashoek2015PCO,
 author = {Kaashoek, M. Frans},
 title = {Parallel Computing and the OS},
 booktitle = {SOSP History Day 2015},
 series = {SOSP '15},
 year = {2015},
 pages = {10:1--10:35},
} 

@inproceedings{Bloch1959EDS,
 author = {Bloch, Erich},
 title = {The Engineering Design of the Stretch Computer},
 booktitle = {Papers Presented at the December 1-3, 1959, Eastern Joint IRE-AIEE-ACM Computer Conference},
 series = {IRE-AIEE-ACM '59 (Eastern)},
 year = {1959},
 location = {Boston, Massachusetts},
 pages = {48--58},
} 

@inproceedings{Saltzer1966TCM,
 author = {Saltzer, J. H.},
 title = {TRAFFIC CONTROL IN A MULTIPLEXED COMPUTER},
 year = {1966},
 source = {http://www.ncstrl.org:8900/ncstrl/servlet/search?formname=detail\&id=oai%3Ancstrlh%3Amitai%3AMIT-LCS%2F%2FMIT%2FLCS%2FTR-30},
 publisher = {Massachusetts Institute of Technology},
 address = {Cambridge, MA, USA},
} 

@inproceedings{Ritchie1973UTS,
 author = {Ritchie, Dennis M. and Thompson, Ken},
 title = {The UNIX Time-sharing System},
 booktitle = {Proceedings of the Fourth ACM Symposium on Operating System Principles},
 series = {SOSP '73},
 year = {1973},
} 




@inproceedings{Dijkstra1965CSP,
 author = {Dijkstra, Edsger Wybe},
 title = {Cooperating Sequential Processes, Technical Report EWD-123},
 year = {1965},
} 

@article{Mayer1982ABB,
 author = {Mayer, Alastair J. W.},
 title = {The Architecture of the Burroughs B5000: 20 Years Later and Still Ahead of the Times?},
 journal = {SIGARCH Comput. Archit. News},
 issue_date = {June 1982},
 year = {1982},
 pages = {3--10},
} 


@inproceedings{Amdahl1967VSP,
 author = {Amdahl, Gene M.},
 title = {Validity of the Single Processor Approach to Achieving Large Scale Computing Capabilities},
 booktitle = {Proceedings of the April 18-20, 1967, Spring Joint Computer Conference},
 series = {AFIPS '67 (Spring)},
 year = {1967},
 location = {Atlantic City, New Jersey},
 pages = {483--485},
} 



@inproceedings{BuesoScalabilityTechniques,
 author = {Bueso, Davidlohr},
 title = {{Scalability Techniques for Practical Synchronization Primitives}},
 journal = {Commun. ACM},
 volume = {58},
 number = {1},
 month = dec,
 year = {2014},
 pages = {66--74},
}

@inproceedings{overviewofkernellock,
  title={{An overview of kernel lock improvements.}},
  author={D. Bueso and S. Norton.},
  year={2014},
  organization={LinuxCon North America},
  note={\url{http://sourceforge.net/projects/aimbench}}
}

@Inproceedings{SilasBoydWickizer2010LinuxScales48,
 author = {Boyd-Wickizer, Silas and Clements, Austin T. and Mao, Yandong and Pesterev, Aleksey and Kaashoek, M. Frans and Morris, Robert and Zeldovich, Nickolai},
 title = {{An Analysis of Linux Scalability to Many Cores}},
 booktitle = {Proceedings of the 9th USENIX Conference on Operating Systems Design and Implementation},
 series = {OSDI'10},
 year = {2010},
 pages = {1--16},
} 

@Inproceedings{AustinTClements2012RCUBalancedTrees,
 author = {Clements, Austin T. and Kaashoek, M. Frans and Zeldovich, Nickolai},
 title = {{Scalable Address Spaces Using RCU Balanced Trees}},
 booktitle = {Proceedings of the Seventeenth International Conference on Architectural Support for Programming Languages and Operating Systems},
 series = {ASPLOS XVII},
 year = {2012},
 pages = {199--210},
} 

@inproceedings{mcvoy1996lmbench,
  title={{lmbench: Portable Tools for Performance Analysis.}},
  author={McVoy, Larry W and Staelin, Carl and others},
  booktitle={USENIX annual technical conference},
  pages={279--294},
  year={1996},
  organization={San Diego, CA, USA}
}

@incollection{zhang2013practical,
  title={{Practical non-blocking unordered lists}},
  author={Zhang, Kunlong and Zhao, Yujiao and Yang, Yajun and Liu, Yujie and Spear, Michael},
  booktitle={DISC '13 Proceedings of the 27th International Conference on Distributed Computing, Jerusalem, Israel},
  year={2013},
}

@inproceedings{SilasBoydWickizerPth
,author="Silas Boyd-Wickizer and M. Frans Kaashoek and Robert Morris and Nickolai Zeldovich"
,title={{OpLog: a library for scaling update-heavy data structures}}
,booktitle="Technical Report MIT-CSAIL-TR2014-019"
,year="2014"
}

 
@inproceedings{Clements2013RadixVM,
 title = {{RadixVM: Scalable Address Spaces for Multithreaded Applications}},
 author = {Clements, Austin T. and Kaashoek, M. Frans and Zeldovich, Nickolai and },
 booktitle = "Proceedings of the 8th ACM European Conference on Computer Systems",
 series = "EuroSys '13",
 year = "2013",
 location = "Prague, Czech Republic",
 pages = "211--224",
} 

@inproceedings{MagedMichael04a
,author="Maged M. Michael"
,title={{Hazard Pointers: Safe Memory Reclamation for Lock-Free Objects}}
,Year="2004"
,Month="June"
,booktitle="IEEE Transactions on Parallel and Distributed Systems"
,volume="15"
,number="6"
,pages="491-504"
}

@incollection{petrank2013lock,
 title={{Lock-free data-structure iterators}},
 author={Petrank, Erez and Timnat, Shahar},
 booktitle={DISC '13 Proceedings of the 27th International Conference on Distributed Computing, Jerusalem, Israel},
 year={2013},
}

@inproceedings{PaulDetailLWN,
 title={{Some more details on Read-Log-Update}},
 author = {Paul McKenney},
 note= {https://lwn.net/Articles/667720/},
 year= {2016},
}

@inproceedings{CorbetLWNRMAP,
 title={{The object-based reverse-mapping VM}},
 author = {Jonathan Corbet},
 note= {https://lwn.net/Articles/23732/},
 year= {2003},
}


@inproceedings{CorbetLWNANON,
 title={{The case of the overly anonymous anon\_vma}},
 author = {Jonathan Corbet},
 note= {https://lwn.net/Articles/383162/},
 year= {2010},
}

@inproceedings{HuangLocklessList,
 title={{Lock-less list}},
 author = {Huang Ying},
 note= {https://lwn.net/Articles/423366/},
 year= {2011},
}

@inproceedings{Andi2011adding,
  title={{Scaling problems in Fork}},
  author={Andi Kleen, Tim Chen},
  booktitle={Linux Plumbers Conference, September},
  year={2011}
}

@inproceedings{Tim2013adding,
  title={{Linux Scalability Issues}},
  author={Tim Chen, Andi Kleen, Dave Hansen},
  booktitle={Linux Plumbers Conference, September},
  year={2013}
}

@inproceedings{AIM7Benchmark,
  title={{AIM Benchmarks}},
  note={\url{http://sourceforge.net/projects/aimbench}}
}

@inproceedings{LTP,
  title={{Linux test project}},
  note={\url{https://github.com/linux-test-project/ltp}}
}

@inproceedings{LOCKSTAT,
  title={{LOCK STATISTICS}},
  note={\url{https://www.kernel.org/doc/Documentation/locking/lockstat.txt}}
}


@inproceedings{Exim,
 title={{Exim Internet Mailer}},
 note= {http://www.exim.org/},
 year= {2015},
}

@inproceedings{MOSBENCH,
 title={{MOSBENCH}},
 note= {https://pdos.csail.mit.edu/mosbench/mosbench.git},
 year= {2010},
}

@inproceedings{Matveev2015RLU,
 author = {Matveev, Alexander and Shavit, Nir and Felber, Pascal and Marlier, Patrick},
 title = {{Read-log-update: A Lightweight Synchronization Mechanism for Concurrent Programming}},
 booktitle = {Proceedings of the 25th Symposium on Operating Systems Principles},
 series = {SOSP '15},
 year = {2015},
 location = {Monterey, California},
 pages = {168--183},
}

@inproceedings{McKenney98
,Author="Paul E. McKenney and John D. Slingwine"
,Title={{Read-Copy Update: Using Execution History to Solve Concurrency
Problems}}
,Booktitle="{Parallel and Distributed Computing and Systems}"
,Month="October"
,Year="1998"
,pages="509-518"
}

@inproceedings{Harris2001Lockfree,
 author = {Harris, Timothy L.},
 title = {{A Pragmatic Implementation of Non-blocking Linked-Lists}},
 booktitle = {Proceedings of the 15th International Conference on Distributed Computing},
 series = {DISC '01},
 year = {2001},
 pages = {300--314},
} 

@inproceedings{Fomitchev2004Lockfree,
 author = {Fomitchev, Mikhail and Ruppert, Eric},
 title = {{Lock-free Linked Lists and Skip Lists}},
 booktitle = {Proceedings of the Twenty-third Annual ACM Symposium on Principles of Distributed Computing},
 series = {PODC '04},
 year = {2004},
 pages = {50--59},
} 

@inproceedings{Timnat2012,
 author = {Timnat, Shahar and Braginsky, Anastasia and Kogan, Alex and Petrank, Erez},
 title = {{Wait-free Linked-lists}},
 booktitle = {Proceedings of the 17th ACM SIGPLAN Symposium on Principles and Practice of Parallel Programming},
 series = {PPoPP '12},
 year = {2012},
 location = {New Orleans, Louisiana, USA},
 pages = {309--310},
} 


@incollection{timnat2012wait,
  title={{Wait-free linked-lists}},
  author={Timnat, Shahar and Braginsky, Anastasia and Kogan, Alex and Petrank, Erez},
  booktitle={Principles of Distributed Systems},
  pages={330--344},
  year={2012},
  publisher={Springer}
}


@inproceedings{Arbel2014ConcurrentRCU,
 author = {Arbel, Maya and Attiya, Hagit},
 title = {{Concurrent Updates with RCU: Search Tree As an Example}},
 booktitle = {Proceedings of the 2014 ACM Symposium on Principles of Distributed Computing},
 series = {PODC '14},
 year = {2014},
 location = {Paris, France},
 pages = {196--205},
} 

@inproceedings{Gramoli2015PPoPP,
 author = {Gramoli, Vincent},
 title = {{More Than You Ever Wanted to Know About Synchronization: Synchrobench, Measuring the Impact of the Synchronization on Concurrent Algorithms}},
 booktitle = {Proceedings of the 20th ACM SIGPLAN Symposium on Principles and Practice of Parallel Programming},
 series = {PPoPP 2015},
 year = {2015},
 location = {San Francisco, CA, USA},
 pages = {1--10},
} 

@inproceedings{David2015ACS,
 author = {David, Tudor and Guerraoui, Rachid and Trigonakis, Vasileios},
 title = {{Asynchronized Concurrency: The Secret to Scaling Concurrent Search Data Structures}},
 booktitle = {Proceedings of the Twentieth International Conference on Architectural Support for Programming Languages and Operating Systems},
 series = {ASPLOS '15},
 year = {2015},
 location = {Istanbul, Turkey},
 pages = {631--644},
} 

@inproceedings{mckenney2011parallel,
  title={{Is parallel programming hard, and, if so, what can you do about it?}},
  author={McKenney, Paul E},
  journal={Linux Technology Center, IBM Beaverton},
  year={2011}
}

@inproceedings{MellorCrummey91
,author="John M. Mellor-Crummey and Michael L. Scott"
,title={{Scalable Reader-Writer Synchronization for Shared-Memory
Multiprocessors}}
,booktitle="Proceedings of the Third PPOPP"
,Year="1991"
,Month="April"
,pages="106-113"
}

@inproceedings{Courtois71
,author="P. J. Courtois and F. Heymans and D. L. Parnas"
,title={{Concurrent Control with ``Readers'' and ``Writers''}}
,Year="1971"
,Month="October"
,journal="Communications of the {ACM}"
,volume="14"
,number="10"
,pages="667--668"
}

@inproceedings{Gramoli2015Synchrobench,
 author = {Gramoli, Vincent},
 title = {{More Than You Ever Wanted to Know About Synchronization: Synchrobench, Measuring the Impact of the Synchronization on Concurrent Algorithms}},
 booktitle = {Proceedings of the 20th ACM SIGPLAN Symposium on Principles and Practice of Parallel Programming},
 series = {PPoPP 2015},
 year = {2015},
 location = {San Francisco, CA, USA},
 pages = {1--10},
} 


@inproceedings{David2015ASYNCHRONIZED,
 author = {David, Tudor and Guerraoui, Rachid and Trigonakis, Vasileios},
 title = {{Asynchronized Concurrency: The Secret to Scaling Concurrent Search Data Structures}},
 booktitle = {Proceedings of the Twentieth International Conference on Architectural Support for Programming Languages and Operating Systems},
 series = {ASPLOS '15},
 year = {2015},
 location = {Istanbul, Turkey},
 pages = {631--644},
} 

@book{McKenney2008ParallelProgramming
,Author = "Paul E. McKenney"
,Title = {{Is Parallel Programming Hard, And, If So, What Can You Do About It?}}
,Year = "2011"
,Publisher = "kernel.org"
,note="Available:
\url{http://kernel.org/pub/linux/kernel/people/paulmck/perfbook/perfbook.html}"
}

@book{MCSLocksKernel,
  Author = {J. Corbet.},
  title={{MCS locks and qspinlocks}},
  Year = {2014}
}


@inproceedings{Wang2016BeMyGuest,
 author = {Wang, Tianzheng and Chabbi, Milind and Kimura, Hideaki},
 title = {{Be My Guest: MCS Lock Now Welcomes Guests}},
 booktitle = {Proceedings of the 21st ACM SIGPLAN Symposium on Principles and Practice of Parallel Programming},
 series = {PPoPP '16},
 year = {2016},
 location = {Barcelona, Spain},
 pages = {21:1--21:12},
 articleno = {21},
} 

@inproceedings{Bueso2015STP,
 author = {Bueso, Davidlohr},
 title = {{Scalability Techniques for Practical Synchronization Primitives}},
 journal = {Commun. ACM},
 issue_date = {January 2015},
 volume = {58},
 number = {1},
 month = dec,
 year = {2014},
 pages = {66--74},
} 

@inproceedings{Bueso2014MCS,
  title={{An Overview of Kernel Lock Improvements}},
  author={D. Bueso and S. Norto},
  note={http://events.linuxfoundation.org/sites/events/files/slides/linuxcon-2014-locking-final.pdf},
  year={2014}
}

@inproceedings{Clements15SCR,
 author = {Clements, Austin T. and Kaashoek, M. Frans and Zeldovich, Nickolai and Morris, Robert T. and Kohler, Eddie},
 title = {{The Scalable Commutativity Rule: Designing Scalable Software for Multicore Processors}},
 booktitle = {Proceedings of the Twenty-Fourth ACM Symposium on Operating Systems Principles},
 series = {SOSP '13},
 year = {2013},
 pages = {1--17},
} 

@inproceedings {Changwoo2016UMSF,
author = {Changwoo Min and Sanidhya Kashyap and Steffen Maass and Taesoo Kim},
title = {{Understanding Manycore Scalability of File Systems}},
booktitle = {2016 USENIX Annual Technical Conference (USENIX ATC 16)},
year = {2016},
month = Jun,
pages = {71--85},
}

@inproceedings{Dodds2015SCT,
 author = {Dodds, Mike and Haas, Andreas and Kirsch, Christoph M.},
 title = {{A Scalable, Correct Time-Stamped Stack}},
 booktitle = {Proceedings of the 42Nd Annual ACM SIGPLAN-SIGACT Symposium on Principles of Programming Languages},
 series = {POPL '15},
 year = {2015},
 pages = {233--246},
} 

@inproceedings{BoydWickizer2012OLS,
 author={Silas Boyd-Wickizer and M. Frans Kaashoek and Robert Morris and Nickolai Zeldovich},
 title = {{Non-scalable locks are dangerous.}},
 booktitle = {In Proceedings of the Linux Symposium},
 year = {2012},
} 

@inproceedings{Shalev2006PLS,
 author = {Shalev, Ori and Shavit, Nir},
 title = {{Predictive Log-synchronization}},
 journal = {SIGOPS Oper. Syst. Rev.},
 issue_date = {October 2006},
 volume = {40},
 number = {4},
 month = apr,
 year = {2006},
 pages = {305--315},
} 

@inproceedings{Hendler2010FC,
 author = {Hendler, Danny and Incze, Itai and Shavit, Nir and Tzafrir, Moran},
 title = {{Flat Combining and the Synchronization-parallelism Tradeoff}},
 series = {SPAA '10},
 year = {2010},
 pages = {355--364},
} 

@inproceedings{Rohland2001Tempfs,
 author = {C. Rohland},
 title={{Tmpfs is a file system which keeps all files in virtual memory}},
 note= {git.kernel.org/cgit/linux/kernel/git/torvalds/linux.git/tree/Documentation/filesystems/tmpfs.txt},
 year= {2001},
}

@inproceedings{AlBahra2013NAS,
 author = {Al Bahra, Samy},
 title = {{Nonblocking Algorithms and Scalable Multicore Programming}},
 journal = {Commun. ACM},
 volume = {56},
 number = {7},
 month = jul,
 year = {2013},
 pages = {50--61},
} 

@inproceedings{Boyd-WickizerCorey,
 author = {Boyd-Wickizer, Silas and Chen, Haibo and Chen, Rong and Mao, Yandong and Kaashoek, Frans and Morris, Robert and Pesterev, Aleksey and Stein, Lex and Wu, Ming and Dai, Yuehua and Zhang, Yang and Zhang, Zheng},
 title = {{Corey: An Operating System for Many Cores}},
 booktitle = {Proceedings of the 8th USENIX Conference on Operating Systems Design and Implementation},
 series = {OSDI'08},
 year = {2008},
 location = {San Diego, California},
 pages = {43--57},
} 

@inproceedings{Wentzlaff2010fOS,
 author = {Wentzlaff, David and Gruenwald,III, Charles and Beckmann, Nathan and Modzelewski, Kevin and Belay, Adam and Youseff, Lamia and Miller, Jason and Agarwal, Anant},
 title = {{An Operating System for Multicore and Clouds: Mechanisms and Implementation}},
 booktitle = {Proceedings of the 1st ACM Symposium on Cloud Computing},
 series = {SoCC '10},
 year = {2010},
 location = {Indianapolis, Indiana, USA},
 pages = {3--14},
} 

@inproceedings{Baumann2009Barrelfish,
 author = {Baumann, Andrew and Barham, Paul and Dagand, Pierre-Evariste and Harris, Tim and Isaacs, Rebecca and Peter, Simon and Roscoe, Timothy and Sch\"{u}pbach, Adrian and Singhania, Akhilesh},
 title = {{The Multikernel: A New OS Architecture for Scalable Multicore Systems}},
 booktitle = {Proceedings of the ACM SIGOPS 22Nd Symposium on Operating Systems Principles},
 series = {SOSP '09},
 year = {2009},
 location = {Big Sky, Montana, USA},
 pages = {29--44},
} 

@inproceedings{Zellweger2014Multikernel,
 author = {Zellweger, Gerd and Gerber, Simon and Kourtis, Kornilios and Roscoe, Timothy},
 title = {{Decoupling Cores, Kernels, and Operating Systems}},
 booktitle = {Proceedings of the 11th USENIX Conference on Operating Systems Design and Implementation},
 series = {OSDI'14},
 year = {2014},
 location = {Broomfield, CO},
 pages = {17--31},
} 

@inproceedings{Liu2009Tessellation,
 author = {Liu, Rose and Klues, Kevin and Bird, Sarah and Hofmeyr, Steven and Asanovi\'{c}, Krste and Kubiatowicz, John},
 title = {{Tessellation: Space-time Partitioning in a Manycore Client OS}},
 booktitle = {Proceedings of the First USENIX Conference on Hot Topics in Parallelism},
 series = {HotPar'09},
 year = {2009},
 location = {Berkeley, California},
 pages = {10--10},
} 

@inproceedings{Farrington2010Helios,
 author = {Farrington, Nathan and Porter, George and Radhakrishnan, Sivasankar and Bazzaz, Hamid Hajabdolali and Subramanya, Vikram and Fainman, Yeshaiahu and Papen, George and Vahdat, Amin},
 title = {{Helios: A Hybrid Electrical/Optical Switch Architecture for Modular Data Centers}},
 booktitle = {Proceedings of the ACM SIGCOMM 2010 Conference},
 series = {SIGCOMM '10},
 year = {2010},
 isbn = {978-1-4503-0201-2},
 location = {New Delhi, India},
 pages = {339--350},
} 

@inproceedings{GuirouxLQ16,
  author    = {Hugo Guiroux and
               Renaud Lachaize and
               Vivien Qu{\'{e}}ma},
  title     = {{Multicore Locks: The Case Is Not Closed Yet}},
  booktitle = {2016 {USENIX} Annual Technical Conference, {USENIX} {ATC} 2016, Denver,
               CO, USA, June 22-24, 2016.},
  pages     = {649--662},
  year      = {2016},
}

@article{MellorCrummey1991MCS,
 author = {Mellor-Crummey, John M. and Scott, Michael L.},
 title = {{Algorithms for Scalable Synchronization on Shared-memory Multiprocessors}},
 journal = {ACM Trans. Comput. Syst.},
 issue_date = {Feb. 1991},
 volume = {9},
 number = {1},
 month = feb,
 year = {1991},
 pages = {21--65},
} 

@inproceedings{Magnusson1994QLC,
 author = {Magnusson, Peter S. and Landin, Anders and Hagersten, Erik},
 title = {{Queue Locks on Cache Coherent Multiprocessors}},
 booktitle = {Proceedings of the 8th International Symposium on Parallel Processing},
 year = {1994},
 isbn = {0-8186-5602-6},
 pages = {165--171},
 publisher = {IEEE Computer Society},
} 

@book{Scott2013SS,
 author = {Scott, Michael L.},
 title = {{Shared-Memory Synchronization}},
 year = {2013},
 publisher = {Morgan \& Claypool Publishers},
} 

@inproceedings{Radovic2003HBL,
 author = {Radovic, Zoran and Hagersten, Erik},
 title = {{Hierarchical Backoff Locks for Nonuniform Communication Architectures}},
 booktitle = {Proceedings of the 9th International Symposium on High-Performance Computer Architecture},
 series = {HPCA '03},
 year = {2003},
 pages = {241--},
 publisher = {IEEE Computer Society},
} 

@inproceedings{Luchangco2006HCQ,
 author = {Luchangco, Victor and Nussbaum, Dan and Shavit, Nir},
 title = {{A Hierarchical CLH Queue Lock}},
 booktitle = {Proceedings of the 12th International Conference on Parallel Processing},
 series = {Euro-Par'06},
 year = {2006},
 location = {Dresden, Germany},
 pages = {801--810},
} 

@inproceedings{Chabbi2015HPL,
 author = {Chabbi, Milind and Fagan, Michael and Mellor-Crummey, John},
 title = {{High Performance Locks for Multi-level NUMA Systems}},
 booktitle = {Proceedings of the 20th ACM SIGPLAN Symposium on Principles and Practice of Parallel Programming},
 series = {PPoPP 2015},
 year = {2015},
 location = {San Francisco, CA, USA},
 pages = {215--226},
} 

@inproceedings{Chabbi2016CLL,
 author = {Chabbi, Milind and Mellor-Crummey, John},
 title = {{Contention-conscious, Locality-preserving Locks}},
 booktitle = {Proceedings of the 21st ACM SIGPLAN Symposium on Principles and Practice of Parallel Programming},
 series = {PPoPP '16},
 year = {2016},
 location = {Barcelona, Spain},
 pages = {22:1--22:14},
 articleno = {22},
} 

@article{Fatourou2012RCS,
 author = {Fatourou, Panagiota and Kallimanis, Nikolaos D.},
 title = {{Revisiting the Combining Synchronization Technique}},
 journal = {SIGPLAN Not.},
 issue_date = {August 2012},
 volume = {47},
 number = {8},
 month = feb,
 year = {2012},
 issn = {0362-1340},
 pages = {257--266},
} 

@inproceedings{Kyong2016LDU,
 author = {Joohyun Kyong and Sung-Soo Lim},
 title = {{LDU: A Lightweight Concurrent Update Method with Deferred Processing for Linux Kernel Scalability}},
 booktitle = {Proceedings of the IASTED International Conference, Parallel and Distributed Computing and Networks (PDCN 2016)},
 year = {2016},
} 

@article{Corbett2013SGG,
 author = {Corbett, James C. and Dean, Jeffrey and Epstein, Michael and Fikes, Andrew and Frost, Christopher and Furman, J. J. and Ghemawat, Sanjay and Gubarev, Andrey and Heiser, Christopher and Hochschild, Peter and Hsieh, Wilson and Kanthak, Sebastian and Kogan, Eugene and Li, Hongyi and Lloyd, Alexander and Melnik, Sergey and Mwaura, David and Nagle, David and Quinlan, Sean and Rao, Rajesh and Rolig, Lindsay and Saito, Yasushi and Szymaniak, Michal and Taylor, Christopher and Wang, Ruth and Woodford, Dale},
 title = {Spanner: Google's Globally Distributed Database},
 journal = {ACM Trans. Comput. Syst.},
 issue_date = {August 2013},
 volume = {31},
 number = {3},
 month = aug,
 year = {2013},
 pages = {8:1--8:22},
 articleno = {8},
} 

@inproceedings{Dave2004OLSRMAP,
 author = {Dave McCracken},
 title = {{Object-based reverse mapping}},
 booktitle = {In Proceedings of the 2004 Ottawa Linux Symposium},
 year = {2004},
 month = July,
} 

@inproceedings{Delegation2014,
 author = {David Klaftenegger and Konstantinos Sagonas and Kjell Winblad},
 title = {{Delegation Locking Libraries for Improved Performance of Multithreaded Program}},
 booktitle = {Euro-Par 2014 Parallel Processing},
 year = {2014},
 pages = {572-583},
} 

@article{Morrison2016SSM,
 author = {Morrison, Adam},
 title = {Scaling Synchronization in Multicore Programs},
 journal = {Queue},
 volume = {14},
 number = {4},
 month = aug,
 year = {2016},
 pages = {20:56--20:79},
} 